

@misc{BcManPage,
    author    = "Philip A. Nelson",
    title     = "bc man page",
    howpublished = "Unix manual page",
    note     = "as of July 4th, 2012",
}